<?xml version="1.0" encoding="UTF-8"?><collection xmlns="http://www.loc.gov/MARC21/slim"><record><leader>00578nam--2200181-u-4500</leader><controlfield tag="001">000052444</controlfield><controlfield tag="002">20161230</controlfield><controlfield tag="005">20161230201050</controlfield><controlfield tag="008">100712s1000------------r-----000-0-eng-d</controlfield><datafield ind1=" " ind2=" " tag="040"><subfield code="a">IFIN-HH</subfield></datafield><datafield ind1=" " ind2=" " tag="080"><subfield code="a">534.131.2</subfield></datafield><datafield ind1="1" ind2=" " tag="100"><subfield code="a">Niordson, Frithiof I.N</subfield></datafield><datafield ind1="1" ind2="0" tag="245"><subfield code="a">Vibrations of a Cylindrical Tube Containing Flowing Fluid</subfield><subfield code="c">Frithiof I.N. Niordson</subfield></datafield><datafield ind1=" " ind2=" " tag="260"><subfield code="a">Goteborg</subfield><subfield code="b">Elanders Boktryckeri Aktiebolag</subfield><subfield code="c">1953</subfield></datafield><datafield ind1=" " ind2=" " tag="300"><subfield code="a">27 p</subfield></datafield><datafield ind1=" " ind2=" " tag="490"><subfield code="a">Transactions of the Royal Institute of Techonology Stockholm, Sweden</subfield><subfield code="v">no. 73</subfield></datafield><datafield ind1=" " ind2=" " tag="852"><subfield code="a">3272</subfield><subfield code="c">532</subfield></datafield><datafield ind1=" " ind2=" " tag="CAT"><subfield code="a">Sys</subfield><subfield code="c">20100712</subfield><subfield code="h">130241</subfield></datafield></record></collection>